<?xml version="1.0" encoding="UTF-8"?><collection xmlns="http://www.loc.gov/MARC21/slim"><record><leader>00420nam--2200145-i-4500</leader><controlfield tag="001">000006262</controlfield><controlfield tag="002">20161230</controlfield><controlfield tag="005">20161230201026</controlfield><controlfield tag="008">060222s1000------------r-----000-0-eng-d</controlfield><datafield ind1=" " ind2=" " tag="080"><subfield code="a">621.039.512.45</subfield></datafield><datafield ind1=" " ind2=" " tag="100"><subfield code="a">Adamski, Leslew I Josefowicz, Krystyna</subfield></datafield><datafield ind1=" " ind2=" " tag="245"><subfield code="a">In-core neutron flux distribution measurements</subfield></datafield><datafield ind1=" " ind2=" " tag="260"><subfield code="a">Swierk, Institute Of Nuclear Research,, 1963 7 P. + 4 Figuri</subfield></datafield><datafield ind1=" " ind2=" " tag="490"><subfield code="a">409/Ix</subfield></datafield><datafield ind1=" " ind2=" " tag="852"><subfield code="a">13780</subfield></datafield></record></collection>